@InProceedings{free,
  author = 	 {Wadler,~P.},
  title = 	 {Theorems for free!},
  booktitle = {{Proc. of 4th International Conference on Functional Programming and Computer Architecture}},
  year = 	 1989
  }


@InProceedings{quickcheck,
  author = 	 {Claessen,~K. and Hughes,~J.},
  title = 	 {QuickCheck: a lightweight tool for random testing of Haskell programs},
  booktitle = {{Proc. of the fifth ACM SIGPLAN international conference on functional programming}},
  pages =        {268--279}},
  year = 	 2000
  }

@Book{rspec,
  author = 	 {Chelimsky,~D.},
  title = 	 {The RSpec Book: Behaviour-Driven Development with RSpec, Cucumber, and Friends},
  publisher = 	 {Pragmatic Bookshelf},
  year = 	 2010
}

@Book{cucumber,
  author = {Aslak,~H. and Wynne,~M.},
  title = {The Cucumber Book: Behaviour-Driven Development for Testers and Developers},
  publisher = 	 {Pragmatic Bookshelf},
  year = 	 2012
}

@Manual{haskell,
  title =        {Haskell 2010 Language Report},
  author =       {Marlow,~S. and others},
  year =         2010}

@Manual{haddock,
  title =        {Haddock User Guide},
  author =       {Marlow,~S. and Waern,~D.},
  note = {URL http://www.haskell.org/haddock/doc/html/},
  year =         2010}

@Manual{doctest,
  title =        {Python documentation},
  note = {URL http://docs.python.org/library/doctest.html}}

@Manual{cabal,
  title =        {Cabal User Guide},
  note = {URL http://www.haskell.org/cabal/users-guide/}}

@Manual{ci,
  title =        {Continuous Integration},
  author = {Fowler,~M.},
  note = {URL http://martinfowler.com/articles/continuousIntegration.html},
  year = 2006}

@Article{typeclassopedia,
  author =       {Yorgey,~B},
  title =        {The Typeclassopedia},
  journal =      {{The Monad.Reader Issue 13}},
  year =         2009,
  issue = 13,
  pages =        {17--68}}

@InProceedings{smallcheck,
  author = 	 {Runciman,~C. and Naylor,~M. and Lindblad,~F.},
  title = 	 {SmallCheck and Lazy SmallCheck: automatic exhaustive testing for small values},
  booktitle = {{Proc. of Haskell Symposium '08}},
  year = 	 2008
  }

@InProceedings{template-haskell,
  author = 	 {Sheard,~T. and Jones,~S.},
  title = 	 {Template metaprogramming for Haskell},
  booktitle = {{Proc. of Haskell Workshop 2002}},
  year = 	 2002
  }
